@inproceedings{Levy2009,
  author = {Levy, Meira and Hazzan, Orit},
  title = {Knowledge Management in Practice: The Case of Agile Software Development},
  booktitle = {Proceedings of the 2009 ICSE Workshop on Cooperative and Human Aspects on Software Engineering},
  series = {CHASE '09},
  year = {2009},
  isbn = {978-1-4244-3712-2},
  pages = {60--65},
  numpages = {6},
  doi = {10.1109/CHASE.2009.5071412},
  acmid = {1572215},
  publisher = {IEEE Computer Society},
  address = {Washington, DC, USA},
}

@inproceedings{Storey2014,
  author = {Storey, Margaret-Anne and Singer, Leif and Cleary, Brendan and Figueira Filho, Fernando and Zagalsky, Alexey},
  title = {The (R) Evolution of Social Media in Software Engineering},
  booktitle = {Proceedings of the on Future of Software Engineering},
  series = {FOSE 2014},
  year = {2014},
  isbn = {978-1-4503-2865-4},
  location = {Hyderabad, India},
  pages = {100--116},
  numpages = {17},
  doi = {10.1145/2593882.2593887},
  acmid = {2593887},
  publisher = {ACM},
  address = {New York, NY, USA},
  keywords = {Collaboration, Social Media, Software Engineering},
}

@Book{Druker1993,
  author =       {Peter F. Drucker, Peter Ferdinand Drucker},
  title =        {Post-Capitalism Society},
  publisher =    {Butherworth-Heinemann},
  year =         {1993},
  edition =      {1st},
  address = {UK, Oxford}
}


@InBook{Wiig2003,
  author = 	 {K. M. Wiig and A. Jooste},
  title = 	 {Exploiting Knowledge for Productivity Gains},
  chapter =   {Handbook on Knowledge Management},
  publisher = 	 {Springer},
  year = 	 {2004},
  pages = 	 {289--308}
}


@Article{Olson2000,
  AUTHOR = {Gary M. Olson and Judith S. Olson },
  title = {Distance Matters},
  journal = {Hum.-Comput. Interact.},
  year = {2000},
  VOLUME = 15,
  NUMBER = 2,
  PAGES = {139--178}
 }

 @inproceedings{Hall2008,
   author = {Hall, Tracy and Beecham, Sarah and Verner, June and Wilson, David},
   title = {The Impact of Staff Turnover on Software Projects: The Importance of Understanding What Makes Software Practitioners Tick},
   booktitle = {Proceedings of the 2008 ACM SIGMIS CPR Conference on Computer Personnel Doctoral Consortium and Research},
   series = {SIGMIS CPR '08},
   year = {2008},
   isbn = {978-1-60558-069-2},
   location = {Charlottesville, VA, USA},
   pages = {30--39},
   numpages = {10},
   doi = {10.1145/1355238.1355245},
   acmid = {1355245},
   publisher = {ACM},
   address = {New York, NY, USA},
   keywords = {motivation, project success, staff turnover},
}

%Referencia da Web
@Misc{4Soft,
  title =      {4Soft},
  note = {Disponível em: <\url{http://www.4softjr.com.br}>. Acesso em: 29 nov. 2014},
}

 %author = {\v{C}ubrani\'{C}, Davor and Murphy, Gail C. and Singer, Janice and Booth, Kellogg S.},

@inproceedings{CubraniC2004,
  author = {Cubrani\'{C}, Davor and Murphy, Gail C. and Singer, Janice and Booth, Kellogg S.},
  title = {Learning from Project History: A Case Study for Software Development},
  booktitle = {Proceedings of the 2004 ACM Conference on Computer Supported Cooperative Work},
  series = {CSCW '04},
  year = {2004},
  isbn = {1-58113-810-5},
  location = {Chicago, Illinois, USA},
  pages = {82--91},
  numpages = {10},
  doi = {10.1145/1031607.1031622},
  acmid = {1031622},
  publisher = {ACM},
  address = {New York, NY, USA},
  keywords = {project memory, recommender system, software artifacts, software development teams, user studies},
}


%[6] P. Druker, Post-Capitalism Society, UK, Oxford, Butherworth-Heinemann, 1993.

%[21] K. M. Wiig, and A. Jooste. “Exploiting Knowledge for Productivity Gains“, in Handbook on Knowledge Management, C. W. Holsapple (Ed.) 2(45), Springer, KY, 2003, pp. 289-308.


@PHDTHESIS{SangMok2011,
  AUTHOR = {Han Sangmok},
  TITLE = {Improved source code editing for effective ad-hoc code reuse},
  SCHOOL = {Massachusetts Institute of Technology},
  YEAR = {2011}
}

@inproceedings{Singer2014,
  title={Software engineering at the speed of light: How developers stay current using twitter},
  author={Singer, Leif and Figueira Filho, Fernando and Storey, Margaret-Anne},
  booktitle={Proceedings of the 36th International Conference on Software Engineering},
  pages={211--221},
  year={2014},
  organization={ACM}
}

@article{Treude2012,
  title={Programming in a socially networked world: the evolution of the social programmer},
  author={Treude, Christoph and Figueira Filho, Fernando and Cleary, Brendan and Storey, Margaret-Anne},
  journal={The Future of Collaborative Software Development},
  pages={1--3},
  year={2012}
}

@inproceedings{Rabelo2015,
  title={Knowledge management and organizational culture in a software organization: a case study},
  author={Rabelo, Jacilane and Oliveira, Edson and Viana, Davi and Braga, Lu{\'\i}s and Santos, Gleison and Steinmacher, Igor and Conte, Tayana},
  booktitle={Proceedings of the Eighth International Workshop on Cooperative and Human Aspects of Software Engineering},
  pages={89--92},
  year={2015},
  organization={IEEE Press}
}

@inproceedings{Steinmacher2015,
  title={Social barriers faced by newcomers placing their first contribution in open source software projects},
  author={Steinmacher, Igor and Conte, Tayana and Gerosa, Marco Aur{\'e}lio and Redmiles, David},
  booktitle={Proceedings of the 18th ACM conference on Computer supported cooperative work \& social computing},
  pages={1379--1392},
  year={2015},
  organization={ACM}
}

@article{Figueira2015,
  title={A study on the geographical distribution of Brazil’s prestigious software developers},
  author={Figueira Filho, Fernando and Perin, Marcelo Gattermann and Treude, Christoph and Marczak, Sabrina and Melo, Leandro and da Silva, Igor Marques and dos Santos, Lucas Bibiano},
  journal={Journal of Internet Services and Applications},
  volume={6},
  number={1},
  pages={1--12},
  year={2015},
  publisher={Springer London}
}

@incollection{Clark1991,
	title = {Grounding in Communication', 127-149 in Resnick LB, Levine JM and Teasley SD},
	pages = {259--292},
	author = {H. Clark and S. Brennan},
	year = {1991},
	publisher = {American Psychological Association},
	booktitle = {Perspectives on Socially Shared Cognition},
	editor = {Lauren Resnick and Levine B. and M. John and Stephanie Teasley and D.}
}

@book{Weinberg1998,
 author = {Weinberg, Gerald M.},
 title = {The Psychology of Computer Programming (Silver Anniversary Ed.)},
 year = {1998},
 isbn = {0-932633-42-0},
 publisher = {Dorset House Publishing Co., Inc.},
 address = {New York, NY, USA},
}

@inproceedings{Kavitha2011,
  title={A knowledge management framework for agile software development teams},
  author={Kavitha, RK and Ahmed, MS Irfan},
  booktitle={Process Automation, Control and Computing (PACC), 2011 International Conference on},
  pages={1--5},
  year={2011},
  organization={IEEE}
}

@inproceedings{Gousios2012,
 author = {Gousios, Georgios and Spinellis, Diomidis},
 title = {GHTorrent: GitHub's Data from a Firehose},
 booktitle = {Proceedings of the 9th IEEE Working Conference on Mining Software Repositories},
 series = {MSR '12},
 year = {2012},
 isbn = {978-1-4673-1761-0},
 location = {Zurich, Switzerland},
 pages = {12--21},
 numpages = {10},
 url = {http://dl.acm.org/citation.cfm?id=2664446.2664449},
 acmid = {2664449},
 publisher = {IEEE Press},
 address = {Piscataway, NJ, USA},
 keywords = {GitHub, commits, dataset, events, repository},
}

@inproceedings{Treude2011,
  title={How do programmers ask and answer questions on the web?: NIER track},
  author={Treude, Christoph and Barzilay, Ohad and Storey, Margaret-Anne},
  booktitle={Proceeding of the 33rd international conference on Software engineering},
  pages={804--807},
  year={2011},
  organization={ACM}
}

@article{Krueger1992,
 author = {Krueger, Charles W.},
 title = {Software Reuse},
 journal = {ACM Comput. Surv.},
 issue_date = {June 1992},
 volume = {24},
 number = {2},
 month = jun,
 year = {1992},
 issn = {0360-0300},
 pages = {131--183},
 numpages = {53},
 url = {http://doi.acm.org/10.1145/130844.130856},
 doi = {10.1145/130844.130856},
 acmid = {130856},
 publisher = {ACM},
 address = {New York, NY, USA},
 keywords = {abstraction, cognitive distance, software reuse},
}

@article{Freeman1993,
  title={Reusable software engineering: Concepts and research directions},
  author={Freeman, Peter},
  journal={ITT Proceedings of the Workshop on Reusability in Programming},
  volume={129},
  pages={137},
  year={1983}
}



%--------EXEMPLOS-----------

% Tese de Doutorado
@PHDTHESIS{PaquetePhD,
  AUTHOR = {L.~Paquete},
  TITLE = {Stochastic Local Search Algorithms for Multiobjective Combinatorial
Optimization Problems: Methods and Analysis},
  SCHOOL = {Techniche Universit\"at Darmstadt},
  YEAR = {2005}
}


% Relatorio tecnico
@TechReport{Jaszkiewicz,
AUTHOR={ Andrzej Jaszkiewicz},
TITLE={Genetic local search for multiple objective combinatorial optimization},
YEAR=1998,
INSTITUTION={Institute of Computing Science, Poznan University of Technology},
NUMBER={RA-014/98}
}

% Capitulo de Livro
@InBook{KnowlesBoundedPareto,
  author = 	 {Joshua Knowles and David Corne},
  editor = 	 {X. Gandibleux and M. Sevaux and K. S\"orensen and V. \relax{T'Kindt}},
  title = 	 {Metaheuristics for Multiobjective Optimisation},
  chapter = 	 {Bounded {P}areto Archiving: Theory and Practice},
  publisher = 	 {Springer},
  year = 	 {2004},
  volume = 	 {535},
  series = 	 {Lecture Notes in Economics and Mathematical Systems},
  pages = 	 {39--64},
  OPTannote = 	 {ISBN: 3-540-20637-X }
}


% Artigo em anais de congresso
@InProceedings{KnowlesBoundedLebesgue,
  author = 	 {Joshua D. Knowles and David W. Corne and Mark Fleischer},
  title = 	 {Bounded Archiving using the {L}ebesgue Measure},
  booktitle = 	 {Proceedings of the IEEE Congress on Evolutionary Computation},
  pages = 	 {2490--2497},
  year = 	 {2003},
  publisher = {IEEE Press}
}


% Artigo de jornal
@Article{LopezPaqueteStu,
  AUTHOR = { Manuel L{\'o}pez-Ib{\'a}{\~n}ez  and  Lu\'is Paquete  and  Thomas St{\"u}tzle },
  TITLE = {Hybrid Population-based Algorithms for the
                  Bi-objective Quadratic Assignment Problem},
  JOURNAL = {Journal of Mathematical Modelling and Algorithms},
  YEAR = 2006,
  VOLUME = 5,
  NUMBER = 1,
  PAGES = {111--137}
 }


% Livro
@Book{Silberschatz,
  author =       {Silberschatz, Abraham and
                  Korth, Henry F. and
                  Sudarshan, S.},
  title =        {Database system concepts},
  publisher =    {McGraw-Hill},
  year =         {2002},
  edition =      {4th},
  address = {Boston}
}


%Referencia da Web
@Misc{DB2XML,
    author =     {Volker Turau},
    title =      {DB2XML 1.4: {Transforming} relational databases into {XML} documents},
    month =     Oct,
    year =   {2001},
    note = {Out., 2001. Disponível em: <\url{http://www.informatik.fh-wiesbaden.de/~turau/DB2XML/index.html}>. Acesso em Abril 9, 2004},
}


% Dissertação de Mestrado
@MasterThesis{Angelo,
  AUTHOR =       "Angelo Agra",
  TITLE =        "Implementação de uma Proposta para Atualização de Bancos de Dados através de Visões",
  SCHOOL =       "Instituto de Informática, UFRGS",
  YEAR =         "2004",
  type =         "{Projeto de Diplomação}",
  address =      "Porto Alegre, RS, Brasil",
  month =        Jul
}
